@Book{taylor2009,
  title={Text-to-speech synthesis},
  author={Taylor, Paul},
  year={2009},
  publisher={Cambridge University Press}
}

@Book{tts-book,
   title={An introduction to text-to-speech synthesis},
   author={Thierry Dutoit},
   year={1997},
   series={Text, Speech and Language Technology 3}
}

@Book{martinjurafsky,
 author = {Jurafsky, Daniel and Martin, James H.},
 title = {Speech and Language Processing (2nd Edition)},
 year = {2009},
 isbn = {0131873210},
 publisher = {Prentice-Hall, Inc.},
 address = {Upper Saddle River, NJ, USA},
 url = {https://web.stanford.edu/~jurafsky/slp3/ed3book.pdf},
 urldate = {2017-10-29}
}

@Misc{siri,
  author = {{Apple Inc.}},
  title = {Siri},
  year = 2011,
  note = {
  Disponível em: <\url{https://www.apple.com/ios/siri/}>.
  Acesso em 25 de setembro de 2017.
  }
}

@Misc{cortana,
  author = {{Microsoft Corp.}},
  title = {Cortana},
  year = 2014,
  note = {
  Disponível em: <\url{https://www.microsoft.com/en-us/windows/cortana}>.
  Acesso em 25 de setembro de 2017.
  }
}

@Misc{alexa,
  author = {{Amazon.com, Inc.}},
  title = {Alexa},
  year = 2014,
  note = {
  Disponível em: <\url{https://developer.amazon.com/alexa}>.
  Acesso em 25 de setembro de 2017.
  }
}

@Misc{isca,
  author = {{ISCA - \emph{International Speech Communication Association}}},
  url = {http://www.isca-speech.org/iscaweb/},
  urldate={2017-11-05}
}

@Article{merlin,
  title={Merlin: An open source neural network speech synthesis system},
  author={Wu, Zhizheng and Watts, Oliver and King, Simon},
  journal={Proc. SSW, Sunnyvale, USA},
  year={2016}
}


@Misc{linse,
  author = {{LINSE - Laboratório de Circuitos e Processamento de Sinais}},
  url = {http://www.linse.ufsc.br/},
  urldate={2017-11-05}
}

% Paul Boersma & David Weenink (2013):
% Praat: doing phonetics by computer [Computer program].
% Version 5.3.51, retrieved 2 June 2013 from http://www.praat.org/
  % urldate = {2017-09-25}

@Misc{praat,
  author={Boersma, Paul and Weenink, David},
  title={Praat: doing phonetics by computer},
  url={http://www.praat.org/},
  urldate = {2017-10-29},
  year={2017}
}

@Article{marytts,
  title={The German text-to-speech synthesis system MARY: A tool for research, development and teaching},
  author={Schröder, Marc and Trouvain, Jürgen},
  journal={International Journal of Speech Technology},
  volume={6},
  number={4},
  pages={365--377},
  year={2003},
  publisher={Springer}
}

@Misc{falabrasil,
  author={{Projeto Fala Brasil}},
  year={2006},
  note = {
  Disponível em: <\url{http://www.laps.ufpa.br/falabrasil/descricao.php}>.
  Acesso em 29 de outubro de 2017.
  }
}

@Article{klatt1980software,
  title={Software for a cascade/parallel formant synthesizer},
  author={Klatt, Dennis H},
  journal={the Journal of the Acoustical Society of America},
  volume={67},
  number={3},
  pages={971--995},
  year={1980},
  publisher={ASA}
}

@Misc{espeakng,
  author = {Reece H. Dunn},
  title = {espeak-ng},
  year = 2006,
  note = {
  Disponível em: <\url{https://github.com/espeak-ng/espeak-ng}>.
  Acesso em 29 de outubro de 2017.
  }
}

@Article{seara2004,
  title={Parâmetros linguísticos utilizados para a geração automática de prosódia em sistemas de síntese de fala},
  author={Seara Jr, Rui and Kafka, S and Seara, I and Pacheco, F and Klein, S and Seara, R},
  journal={XXI Simpósio Brasileiro de Telecomunicações},
  pages={1--6},
  year={2004},
  url={http://www.linse.ufsc.br/~fernando/DocWeb/Seara2004Param.pdf},
  urldate = {2017-10-29}
}

@InProceedings{korting2005,
  title={Um sistema texto-fala livre},
  author={Körting, Thales Sehn and Costa, Rodrigo Mendes and da Silva, Felipe Castro},
  booktitle={WSL’05: Workshop sobre Software Livre},
  year={2005},
  url={http://people.softwarelivre.org/wsl/2005/0017/17.pdf},
  urldate = {2017-10-29}
}

@InProceedings{couto,
  title={An open source HMM-based text-to-speech system for Brazilian Portuguese},
  author={Couto, Igor and Neto, Nelson and Tadaiesky, Vincent and Klautau, Aldebaro and Maia, Ranniery},
  booktitle={7th international telecommunications symposium},
  year={2010}
}

@InProceedings{malfrere1998,
  title={Automatic prosody generation using suprasegmental unit selection},
  author={Malfrère, Fabrice and Dutoit, Thierry and Mertens, Piet},
  booktitle={The Third ESCA/COCOSDA Workshop (ETRW) on Speech Synthesis},
  year={1998},
  url = {https://lirias.kuleuven.be/bitstream/123456789/149043/1/Malfrere_ea_1998_ESCA.pdf},
  urldate = {2017-10-25}
}

@InProceedings{mbrola,
  title={The MBROLA project: Towards a set of high quality speech synthesizers free of use for non commercial purposes},
  author={Dutoit, Thierry and Pagel, Vincent and Pierret, Nicolas and Bataille, Fran{\c{c}}ois and Van der Vrecken, Olivier},
  booktitle={Spoken Language, 1996. ICSLP 96. Proceedings., Fourth International Conference on},
  volume={3},
  pages={1393--1396},
  year={1996},
  organization={IEEE},
}

@InProceedings{moraes2008,
  title={The pitch accents in Brazilian Portuguese: analysis by synthesis},
  author={de Moraes, João Antônio},
  year={2008}
}

@Article{moraes1998,
  title={Brazilian Portuguese},
  author={de Moraes, João Antônio},
  journal={Intonation systems: A survey of twenty languages},
  pages={179},
  year={1998},
  publisher={Cambridge University Press}
}

@Article{major1985,
  title={Stress and rhythm in Brazilian Portuguese},
  author={Major, Roy C},
  journal={Language},
  pages={259--28},
  year={1985},
  volume={62},
  publisher={Linguistic Society of America}
}

@Article{tilt,
  title={The Tilt intonation model},
  author={Taylor, Paul},
  year={1998},
  publisher={International Speech Communication Association}
}

@Article{fujisaki,
  title={Analysis of voice fundamental frequency contours for declarative sentences of Japanese},
  author={Fujisaki, Hiroya and Hirose, Keikichi},
  journal={Journal of the Acoustical Society of Japan (E)},
  volume={5},
  number={4},
  pages={233--242},
  year={1984},
  publisher={Acoustical Society of Japan}
}

@book{speech-prosody,
    editor = {Hirose, Keikichi and Tao, Jianhua},
    publisher = {Springer-Verlag Berlin Heidelberg},
    title = {Speech Prosody in Speech Synthesis: Modeling and generation of prosody for high quality and flexible speech synthesis},
    year = {2015}
}

@Article{dominios-prosodicos,
  title={Domínios prosódicos no Português do Brasil: implicações para a prosódia e para a aplicação de processos fonológicos},
  author={Tenani, Luciani Ester and others},
  year={2002}
}

@Article{tonal-association,
  title={Tonal association in neutral and subject-narrow-focus sentences in Brazilian Portuguese: a comparison with European Portuguese},
  author={Fernandes, Flaviane Romani},
  journal={Journal of Portuguese Linguistics},
  volume={6},
  number={1},
  year={2007},
  publisher={Ubiquity Press}
}

@InProceedings{ivie,
  title={IVie - a comparative transcription system for intonational variation in English.},
  author={Grabe, Esther and Nolan, Francis and Farrar, Kimberley J},
  booktitle={ICSLP},
  year={1998}
}

@InProceedings{mertens2004,
  title={The prosogram: Semi-automatic transcription of prosody based on a tonal perception model},
  author={Mertens, Piet},
  booktitle={Speech Prosody 2004, International Conference},
  year={2004}
}

@Article{bick,
    author = {BICK, Eckhard},
    title = {The Parsing System Palavras, Automatic Grammatical Analysis of
             Portuguese in a Constraint Grammar Framework},
    publisher = {Aarhus University Press},
    date = {2000}
}

@PHDTHESIS{ipo,
  title={An{\'a}lise da entoa{\c{c}}{\~a}o do portugu{\^e}s do Brasil segundo o modelo IPO},
  author={Miranda, LS},
  year={2015},
  school={Disserta{\c{c}}{\~a}o de mestrado em L{\'\i}ngua Portuguesa. Rio de Janeiro: UFRJ}
}

@TechReport{ssml,
  author      = "Daniel Burnett and Zhi Wei Shuang",
  title       = "Speech Synthesis Markup Language ({SSML}) Version {1.1}",
  month       = sep,
  year        = "2010",
  type        = "{W3C} Recommendation",
  institution = "W3C",
  % note        = "http://www.w3.org/TR/2010/REC-speech-synthesis11-20100907/",
  note = {
  Disponível em: <\url{http://www.w3.org/TR/2010/REC-speech-synthesis11-20100907/}>.
  Acesso em 5 de junho de 2018.
  }
}

% Como referenciar:

% % Tese de Doutorado
% @PHDTHESIS{PaquetePhD,
%   AUTHOR = {L.~Paquete},
%   TITLE = {Stochastic Local Search Algorithms for Multiobjective Combinatorial
% Optimization Problems: Methods and Analysis},
%   SCHOOL = {Techniche Universit\"at Darmstadt},
%   YEAR = {2005}
% }
% 
% 
% % Relatorio tecnico
% @TechReport{Jaszkiewicz,
% AUTHOR={ Andrzej Jaszkiewicz},
% TITLE={Genetic local search for multiple objective combinatorial optimization},
% YEAR=1998,
% INSTITUTION={Institute of Computing Science, Poznan University of Technology},
% NUMBER={RA-014/98}
% }
% 
% % Capitulo de Livro
% @InBook{KnowlesBoundedPareto,
%   author = 	 {Joshua Knowles and David Corne},
%   editor = 	 {X. Gandibleux and M. Sevaux and K. S\"orensen and V. \relax{T'Kindt}},
%   title = 	 {Metaheuristics for Multiobjective Optimisation},
%   chapter = 	 {Bounded {P}areto Archiving: Theory and Practice},
%   publisher = 	 {Springer},
%   year = 	 {2004},
%   volume = 	 {535},
%   series = 	 {Lecture Notes in Economics and Mathematical Systems},
%   pages = 	 {39--64},
%   OPTannote = 	 {ISBN: 3-540-20637-X }
% }
% 
% 
% % Artigo em anais de congresso
% @InProceedings{KnowlesBoundedLebesgue,
%   author = 	 {Joshua D. Knowles and David W. Corne and Mark Fleischer},
%   title = 	 {Bounded Archiving using the {L}ebesgue Measure},
%   booktitle = 	 {Proceedings of the IEEE Congress on Evolutionary Computation},
%   pages = 	 {2490--2497},
%   year = 	 {2003},
%   publisher = {IEEE Press}
% }
% 
% 
% % Artigo de jornal
% @Article{LopezPaqueteStu,
%   AUTHOR = { Manuel L{\'o}pez-Ib{\'a}{\~n}ez  and  Lu\'is Paquete  and  Thomas St{\"u}tzle },
%   TITLE = {Hybrid Population-based Algorithms for the
%                   Bi-objective Quadratic Assignment Problem},
%   JOURNAL = {Journal of Mathematical Modelling and Algorithms},
%   YEAR = 2006,
%   VOLUME = 5,
%   NUMBER = 1,
%   PAGES = {111--137}
%  }
%  
%  
% % Livro
% @Book{Silberschatz,
%   author =       {Silberschatz, Abraham and
%                   Korth, Henry F. and
%                   Sudarshan, S.},
%   title =        {Database system concepts},
%   publisher =    {McGraw-Hill},
%   year =         {2002},
%   edition =      {4th},
%   address = {Boston}
% }
% 
% %Referencia da Web
% @Misc{DB2XML,
%     author =     {Volker Turau},
%     title =      {DB2XML 1.4: {Transforming} relational databases into {XML} documents},    
%     month =     Oct,
%     year =   {2001},
%     note = {Out., 2001. Disponível em: <\url{http://www.informatik.fh-wiesbaden.de/~turau/DB2XML/index.html}>. Acesso em Abril 9, 2004},
% }
% 
% 
% % Dissertação de Mestrado
% @MasterThesis{Angelo,
%   AUTHOR =       "Angelo Agra",
%   TITLE =        "Implementação de uma Proposta para Atualização de Bancos de Dados através de Visões",
%   SCHOOL =       "Instituto de Informática, UFRGS",
%   YEAR =         "2004",
%   type =         "{Projeto de Diplomação}",
%   address =      "Porto Alegre, RS, Brasil",
%   month =        Jul
% }